@article{schmidhuber2013powerplay,
  title={Powerplay: Training an increasingly general problem solver by continually searching for the simplest still unsolvable problem},
  author={Schmidhuber, J{\"u}rgen},
  journal={Frontiers in psychology},
  volume={4},
  pages={313},
  year={2013},
  publisher={Frontiers}
}